@article{internetsociety_history_internet,
    author = {Leiner, Barry and Cerf, Vinton and Clark, David and Kahn, Robert and Kleinrock, Leonard and Lynch, Daniel and Postel, Jon and Roberts, Lawrence and Wolff, Stephen},
    title = {Brief History of the Internet},
    month = Oct,
    year = {2012},
    url = {http://www.internetsociety.org/sites/default/files/Brief_History_of_the_Internet.pdf},
    urldate = {2015-02-11}
},

@online{internet_live_stats,
    author = {internet live stats},
    title = {Internet Users},
    month = {Feb},
    year = {2015},
    url = {http://www.internetlivestats.com/internet-users/},
    urldate = {2015-02-12}
},

@article{internet_of_things,
    author = {Dave Evans},
    title = {The Internet of Things},
    month = {Apr},
    year = {2011},
    url = {http://www.cisco.com/web/about/ac79/docs/innov/IoT_IBSG_0411FINAL.pdf},
    urldate = {2015-02-12}
},

@online{oed,
    publisher = {Oxford University Press},
    title = {OED Online},
    month = {December},
    year = {2014},
    url = {http://www.oed.com/},
    urldate = {2015-02-12}
},

@article{w3c_www,
    author = {W3C},
    title = {About The World Wide Web},
    month = {Jan},
    year = {2001},
    url = {http://www.w3.org/WWW/},
    urldate = {2015-02-12}
},

@online{wiki_hypermedia,
    publisher = {Wikipedia},
    title = {Hypermedia},
    month = {Aug},
    year = {2014},
    url = {http://en.wikipedia.org/wiki/Hypermedia},
    urldate = {2015-02-12}
},

@article{overview_of_tcp_ip,
    title = {An Overview of TCP/IP Protocols and the Internet},
    author = {Gary C. Kessler},
    month = {Nov},
    year = {2010},
    url = {http://www.sci.brooklyn.cuny.edu/~parsons/courses/3120-fall-2012/notes/tcp-ip-notes.pdf},
    urldate = {2015-02-17}
},

@online{internet_maps,
    title = {40 maps that explain the internet},
    author = {Timothy B. Lee},
    month = {Jun},
    year = {2014},
    url = {http://www.vox.com/a/internet-maps},
    urldate = {2015-02-24}
},

@online{wiki_www,
    publisher = {Wikipedia},
    title = {World Wide Web},
    month = {Feb},
    year = {2015},
    url = {http://en.wikipedia.org/wiki/World_Wide_Web},
    urldate = {2015-02-24}
},

@online{wiki_gopher,
    publisher = {Wikipedia},
    title = {Gopher (protocol)},
    month = {Feb},
    year = {2015},
    url = {http://en.wikipedia.org/wiki/Gopher_%28protocol%29},
    urldate = {2015-02-24}
}

@article{webdevnotes_history_of_the_internet,
    title = {History of the Internet},
    url = {http://www.webdevelopersnotes.com/basics/history_of_the_internet.php3},
    urldate = {2015-02-24}
}

@article{webdevnotes_www_basics,
    title = {The World Wide Web (WWW) basics and fundamentals},
    url = {http://www.webdevelopersnotes.com/basics/the_world_wide_web.php3},
    urldate = {2015-02-24}
},

@article{historyofthings_internet,
    title = {History of the Internet},
    publisher = {History of Things},
    month = {Mar},
    year = {2009},
    url = {http://www.historyofthings.com/history-of-the-internet},
    urldate = {2015-02-24},
},

@online{wiki_nexus,
    title = {WorldWideWeb},
    publisher = {Wikipedia},
    month = {Feb},
    year = {2015},
    url = {http://en.wikipedia.org/wiki/WorldWideWeb},
    urldate = {2015-02-25}
},

@online{wiki_lmb,
    title = {Line Mode Browser},
    publisher = {Wikipedia},
    month = {Dec},
    year = {2014},
    url = {http://en.wikipedia.org/wiki/Line_Mode_Browser},
    urldate = {2015-02-25}
},

@online{wiki_libwww,
    title = {libwww},
    publisher = {Wikipedia},
    month = {Jan},
    year = {2015},
    url = {http://en.wikipedia.org/wiki/Libwww},
    urldate = {2015-02-25}
},

@online{wiki_mosaic,
    title = {Mosaic (web browser)},
    publisher = {Wikipedia},
    month = {Feb},
    year = {2015},
    url = {http://en.wikipedia.org/wiki/Mosaic_(web_browser)},
    urldate = {2015-02-25}
},

@online{wiki_netscape,
    title = {Netscape},
    publisher = {Wikipedia},
    month = {Feb},
    year = {2015},
    url = {http://en.wikipedia.org/wiki/Netscape},
    urldate = {2015-03-02}
},

@online{wiki_mozilla,
    title = {Mozilla},
    publisher = {Wikipedia},
    month = {Feb},
    year = {2015},
    url = {http://en.wikipedia.org/wiki/Mozilla},
    urldate = {2015-03-02}
}

@online{wiki_opera,
    title = {Opera (web browser)},
    publisher = {Wikipedia},
    month = {Feb},
    year = {2015},
    url = {http://en.wikipedia.org/wiki/Opera_(web_browser)},
    urldate = {2015-03-02}
},

@online{wiki_konqueror,
    title = {Konqueror},
    publisher = {Wikipedia},
    month = {Jan},
    year = {2015},
    url = {http://en.wikipedia.org/wiki/Konqueror},
    urldate = {2015-03-02}
},

@online{wiki_safari,
    title = {Safari (web browser)},
    publisher = {Wikipedia},
    month = {Feb},
    year = {2015},
    url = {http://en.wikipedia.org/wiki/Safari_(web_browser)},
    urldate = {2015-03-02}
},

@online{wiki_webkit,
    title = {WebKit},
    publisher = {Wikipedia},
    month = {Feb},
    year = {2015},
    url = {http://en.wikipedia.org/wiki/WebKit},
    urldate = {2015-03-02}
},

@online{wiki_blink,
    title = {Blink (layout engine)},
    publisher = {Wikipedia},
    month = {Feb},
    year = {2015},
    url = {http://en.wikipedia.org/wiki/Blink_(layout_engine)},
    urldate = {2015-03-02}
}
